3007 4346
1137 193 981 113 Elucidation de Lhyſtoire du Graal.

539 296 1102 156 peu recõgnoiſtre en nulle guyſe. A la court

550 429 1104 99 de ce roy arriua ſans faille miſſire Gau⸗

548 499 1094 107 uain comme le cõpte plꝰ au long voꝰ deuiſe

567 586 1072 90 ra cy ap̃s dont tout le royaulme de logres

553 654 1091 94 en amenda moult foꝛt /mais aincois q̃ miſ

553 726 1089 106 ſire Gauuaĩ y arriuaſt lauoit trouue pre⸗

560 804 1087 103 mier q̃ luy vng ieune cheuallier qͥ moult

555 881 1092 104 eſtoit a veoir dire de petit aage: ains pour

555 958 1072 104 tant ne remanſiſt quil ne ſuſt vng des plꝰ

560 1033 1084 101 hardiz ⁊ des plus aduentureulx cheual⸗

560 1113 1079 99 liers qͥ poꝛtaſſent armes en tout ſon tẽps.

562 1185 1080 101 Ce ieune Cheuallier qui tant fut garny

562 1262 1082 99 de haulte cheuallerie comme ie vous com⸗

562 1344 1087 95 pte /quil de bonte treſſaillit tous ceulx de

565 1426 1084 75 la table rõde / tant erra par maincte cõtree

562 1484 1087 107 ⁊ tant ſe trauailla quil trouua la court du

560 1564 1089 99 roy peſchoꝛ. Et ſi vous me demandes com

560 1639 1087 92 ment eſtoit appelle le cheuallier certes ie

562 1711 1090 95 veux bien dire que ceſtoit Perceualle gal

560 1789 1096 103 lois. Cil ſenquiſt voiremẽt dequoy le ſaĩct

560 1868 1094 102 graal ſeruoit / mais detant meſaduint quil

557 1943 1092 99 ne ſe aduiſa mye de demander pour quelle

562 2020 1087 102 raison yſſoit le ſang de la lance quant il la

560 2102 1092 95 veit ne de leſpee pareillemẽt qui eſtoit bꝛi

560 2173 1106 101 ſee par le meillieu dont la moitie eſtoit giſã

562 2245 1094 106 te en vne biere. Bien ſenquiſt de la riche

560 2332 1096 94 croix dargent /qui tout pꝛemierement ve⸗

560 2404 1101 94 noit / ⁊ des aultres merueilles quil veiſt en

562 2474 1099 109 la ſalle / car il y auoit troys foys le iour par

565 2559 1094 82 trois heures leans vne ſi grãd douleur dõt

562 2636 1097 97 nul hõme ne ouyſt parler qui foꝛment ne

562 2706 1097 104 ſen eſbahiſt. Il y auoit quatre encenſiers

562 2788 1099 94 treſriches qui pourpendoient aux quattre

562 2856 1094 89 chãdelliers qͥ eſtoiẽt au coꝛps de la biere ⁊

565 2933 1099 101 quãt on auoit le ſeruice faict tãtoſt, le grãd

567 3015 1097 97 cry remanoiſt / ſi audenoit q̃ chaſcun eſtoit

565 3088 1099 101 loꝛs eſuanouy de la ſalle qui longue ⁊ lee

567 3165 1094 94 eſtoit: ⁊ demouroit vuide ⁊ effrayee / et loꝛs

572 3247 1094 92 veiſſies le ruiſſel de ſang qͥ aual decouroit

562 3315 1104 99 dũg oꝛcueil ou la lance eſtoit. Ne demou

565 3392 1096 99 roit gueres apꝛes que le pallays remploit

567 3474 1097 92 de cheualliers ⁊ euſſiez veu le plꝰ beau mẽ

572 3544 1094 101 ger appareille de tout le monde affin que

568 3625 1109 163 tous les cheualliers qui eſtoient au chaſte

1691 307 653 127 au pꝛiſent leur refection.

1719 456 547 547 A

2224 432 548 96 Dõc ſen yſſoit le roy

2236 497 541 111 peſchoꝛ dune chãbꝛe

2238 577 539 86 tout aceſme de ſes

2238 642 539 104 aoꝛnemens royaulx

2248 721 534 104 ⁊ veſtu de ſi noble ar

2236 804 543 99 roy que nul ne vous

2248 876 534 101 ſcauroit deuiſer la⸗

1705 960 1077 97 tournement tãt paroiſſoit riche duremẽt.

1707 1040 1080 92 Si euſt vng treſbel annel en ſon doig ⁊ les

1700 1115 1082 94 bꝛas laſſez eſtroictement ⁊ ſur ſon chef vng

1697 1190 1090 101 cercle doꝛ dont les pierres valloient vng bõ

1710 1269 1079 102 royaulme /le fermail ⁊ la ceincture eſtoiẽt

1700 1344 1089 90 treſaduenans /⁊ pourquoy le vous feray ie

1697 1422 1092 89 lõg. On ne euſt ſceu au pays legieremẽt re

1702 1494 1082 94 couurer nul plus bel hõme ne qui mieulx

1702 1574 1087 101 poꝛtaſt a vng hault pꝛince que ceſtuy / et

1702 1651 1090 84 neuſt pas eſte a lheure de legier recongneu

1702 1721 1090 104 a iceulx qui le iour leuſſent veu atour⸗

1700 1806 1087 84 ne comme vng peſcheur. Si toſt que le roy

1700 1871 1096 104 eſtoit aſſis adonc veiſſiez le aultres cheual

1707 1950 1087 104 liers chaſcun en ſon ſiege / ⁊ eſtoit le pain et

1707 2025 1087 90 vin ſeruy tout de p̃miere arriuee / ⁊ moult

1705 2098 1089 106 toſt apꝛes yſſoit le graal dune chãbꝛe dont

1700 2177 1094 97 tous ceulx qui ſeſeoient eſtoiẽt moult hõ⸗

1707 2257 1089 87 noꝛablemẽt ſeruiz. Le pꝛemier metz eſtoit

1707 2327 1089 104 aſſis deuant le Roy / ⁊ puys tous les aul

1705 2404 1089 97 tres enuiron qui neſtoit ſe merueillez des

1705 2479 1091 89 entremetz des viandes qui leur appoꝛtoit.

1746 2575 213 318 A

1978 2546 811 101 Celle heure meſmes veiſſiez ad

1978 2622 815 105 uenir la grand merueille telle q̃

1978 2705 811 94 ains homme nouyſt racompter

1981 2792 805 94 la pareille. Mais la ne men oꝛ⸗

1707 2863 1087 89 rez par le cry endꝛoict / car ca enauãt en my

1695 2931 1104 96 le compte il ſera dict tout a beau loyſir. Auſ

1705 3010 1091 90 ſy ſeroit ce trop grand villennie ⁊ grand

1702 3085 1097 102 honte de deſmembꝛer vng ſy bon compte /

1702 3160 1097 99 foꝛs ainſi cõe il doibt aller. Mais quãt ce

1707 3240 1089 84 viendꝛa que nous parlerons du bon ⁊ vai⸗

1695 3312 1104 94 lãt cheuallier qui trouua la court par trois

1702 3393 1091 94 foys. Adonc me pourrez bien oupr deuiſer

1702 3465 1091 95 de poinct en poinct toute la pure verite du

1706 3545 1083 98 cõpte. Si ne voꝰ en celeray riens q̃ tout ne

1706 3625 1087 127 voꝰ le face ſcauoir /car ceſt vne choſe digne
