2951 4354
889 188 969 153 Elucidation de Lhyſtoire du Graal.

268 337 1053 214 ¶ Elucidatiõ de

254 526 544 98 Lhyſtoire du Graal.

269 626 482 545 C

780 598 530 116 y endꝛoict encommã

765 693 538 94 ce la haulte hyſtoire

762 758 537 112 du cõpte du graal: qͥ

762 830 541 109 biẽ eſt pour dire voir

762 910 544 116 le plus noble cõpte et

758 997 534 106 meilleur q̃ vous ouy

765 1066 538 109 ſtes pieca racompter

239 1146 1064 98 ⁊ ſi neſt mye cas quon doibue de legier met

243 1219 1056 108 tre en auant / car telle choſe pourroit mõter

235 1298 1064 98 le cõpte / ains quil fuſt fine: q̃ tel qui ne lau

239 1364 1056 105 roit mye foꝛfaict / il en ſeroit marry tout le

232 1444 1063 105 tẽps de ſa vie. Dont cil faict que ſaige qͥl

235 1520 1053 109 le lyſt / ⁊ ſen paſſe tout oultre ſimplement /

235 1592 1060 116 Car cõme maiſtre Blyhis nous enſeigne

235 1683 1053 98 vng bon taire maĩteffois ne le ſcauroit on

232 1752 1056 105 aſſez pꝛiſer. Oꝛ entendez deſoꝛmais a ce q̃

235 1814 1060 119 vous moꝛrez deuiſer cy apꝛes. Si uoꝰ ueuil

232 1908 1056 102 racompter commẽt ne par quelle occaſion

228 1981 1064 105 fuſt deſtruict le riche pays de Logres / dõt

228 2057 1060 112 le royaulme en tourna a perte /⁊ la terre en

228 2118 1056 131 fut toute gaſtee ⁊ deſerte dont il fut puys

232 2213 809 105 grand nouuelle par tout le pays.

392 2289 896 102 ¶De la louable couſtume intro⸗

377 2351 911 116 duycte par les pucelles ancienne⸗

373 2441 915 102 ment au royaulme de Logres / ⁊ de

373 2496 911 149 leur malle aduẽture Par le roy Ma

384 2594 174 109 gons.

504 2659 610 109 ¶ Chappitre pꝛemier.

253 2762 410 467 I

667 2728 617 123 L eſt vꝛay quancienne⸗

667 2830 614 105 ment parmy les foꝛeſtz

667 2891 617 113 du royaulme de Logres

675 2971 609 113 y auoit grãd nombꝛe de

664 3047 620 116 pucelles dont le cõte ſem

664 3123 617 113 ble mieulx choſe de fai⸗

239 3185 1042 127 rie qualtre riens: et au vꝛay dire ceſtoit biẽ

235 3258 1046 141 la greigneur merueille quon pourroit ouyr

232 3334 1045 138 deuiſer. Car ces pucelles cy dont ie vous

225 3425 1052 119 ay cõmence a faire le compte / ſe tenoiẽt en

225 3486 1056 138 caues que lancienne Hyſtoire appelle aul

228 3563 1049 221 trement puys / qui eſtoient en celles foꝛeſtz

1368 330 1100 119 entaillees par ouuraige merueilleux. Oꝛ

1346 428 1122 90 auoiẽt ces pucelles dꝛeſſe vne telle couſtu

1361 489 1107 109 me / que ia nul nerraſt par chemin / fuſt au

1353 573 1111 98 matin ou la veſpꝛee / que pour boire ny pour

1353 653 1111 98 menger luy eſcõuint changer ſa voye / ſoꝛs

1353 725 1107 98 tãt quil failloit tourner a vne de ces caues /

1353 809 1107 90 et nulle riens ne demandaſt on de bel men

1353 881 1107 95 ger q̃ tout maintenãt ne fuſt appoꝛte habã

1353 946 1100 109 dõnemẽt: mais quon le reqͥſt par honneur.

1353 1019 1104 120 Si aduenoit tout en ce poĩct, qͥl yſſoit hoꝛs

1353 1099 1100 109 du puys vne damoiſelle belle en toute gui⸗

1350 1179 1103 101 ſes ⁊ ſi aduenante que daultre nen failloit

1350 1251 1103 109 ia demander: ſi appoꝛtoit hanaptz doꝛ en ſa

1350 1342 1103 102 main auec paſtez treſbien lardez ⁊ du pain

1350 1415 1103 105 aſſez / et empꝛes elle ſuyuoit vne aultre pu

1346 1480 1107 112 celle qui repoꝛtoit vne blãche touaille ⁊ eſ⸗

1346 1571 1111 94 cuelles de fin oꝛ ⁊ argent enquoy eſtoit le

1346 1632 1107 116 mectz q̃ cil auoit requis. Si neſt ia beſoing

1350 1705 1096 112 vous dire cõme il eſtoit moult bien venu ⁊

1346 1792 1104 109 receu de ces belles hoſteſſes / ⁊ ſi ce metz ne

1343 1857 1110 113 luy aggreoit / en luy en appoꝛtoit tantoſt

1346 1941 1100 112 daultres de pluſieurs ſoꝛtes tout a ſa vou⸗

1346 2006 1104 120 lente. Telle eſtoit cõe ie voꝰ voys deuiſant

1343 2089 1103 113 la couſtume des pucelles qui ſeruoient bel

1346 2173 1096 120 ⁊ liemẽt ceulx qui alloient errans parmy

1353 2242 1093 112 les chemins ⁊ deſtournoient vers elles

1335 2318 1111 116 pour pꝛendꝛe leur repas. Et maintindꝛent

1335 2391 1111 119 les pucelles leur feſtoy ſi que nul ny venoit

1335 2485 1107 102 qui ne ſe tint a bien recuelly: ⁊ qui moult

1335 2543 1104 116 ne les en pꝛiſaſt / tant que le roy Magons

1339 2623 1092 116 y vint p̃mier ⁊ enfraigniſt icelle couſtume.

1332 2695 1103 120 Cil fuſt pour le dire voir plain de grande

1335 2775 1100 116 villennie ⁊ mauluais en toutes guiſes et

1332 2862 1103 105 maint autre y euſt de puis qͥ en refiſt tout

1332 2938 1103 113 autant cõment il auoit faict / par lexemple

1328 3004 1103 123 mauluais quil dõna luy qui en debuoit les

1332 3094 1099 113 aultres tenſer ⁊ les pucelles deuoit garder

1328 3167 1103 109 cõtre ceulx qui honte leur vouldꝛoiẽt pour

1324 3232 1107 120 chaſſer. Si aduint vne iournee a ce meſme

1328 3309 1100 123 poinct / que celluy roy Magons eſtoit auec

1328 3396 1103 108 les pucelles qui moult lauoient receu cour

1324 3475 1115 106 toiſement ⁊ bien se penoient de le ſeruir cõ

1321 3552 1110 112 me a ſi hault Roy appartenoit qui ſe pꝛiſt

1313 3631 1115 160 fermement a regarder lune dentre celles

2130 3708 134 152 AA
