3007 4346
1188 222 956 123 Elucidation de Hliſtoire du Graal.

518 318 1148 145 compte ſi ny fiſt nul delaiment/ ains com⸗

521 449 1145 94 mande tout erramment quon pꝛiſt garde a

528 521 1114 92 a ſõ cheual ⁊ a ſes armes car il auoit en vou

528 593 1116 109 lẽte de ſe aller eſbanoier ꝑ les chãps ⁊ ve⸗

531 673 1108 104 oir ſil oꝛra poĩt nouuelles du tournoyment

533 748 1109 111 quõ ait faict crier car pour nulle riens il ne

536 823 645 104 remanſiſt quil ny allaſt.

545 886 1097 123 ¶ Et que vous diray ie A celluy meſme

538 973 1111 108 point ſans faulte que celluy enuy luy pꝛiſt

550 1052 1094 94 vouloit il partir mais ſa fẽme ⁊ ces amys

541 1125 1111 103 qui pas ne furent loing le pꝛierent tant quil

548 1202 1104 94 luy conuint a fine foꝛce arreſter/mais ce

543 1279 1111 104 ne fuſt pas ſans grant requeſte. Et a tant

548 1349 1106 114 ne gaignerent mye grant choſe car ne de

543 1426 1111 104 meura pas gramment quil vint leans he⸗

545 1511 1107 89 berger vng varlet qui luy poꝛta nouuelles

545 1581 1114 94 dung tournoy que le roy de galles de nou⸗

548 1663 1108 92 uel auoit entrepꝛins/ encontre ceulx de la

550 1728 1099 111 gaſte fontaine ⁊ quil alloit ſemondꝛe de ꝑ

553 1803 1103 114 le roy les cheualliers du pays pour ſe trou

550 1885 1109 102 uer au tournoymẽt. De ceſte nouuelle fuſt

550 1958 1116 99 moult lye bliocadꝛas cõme cil qui deſiroit a

553 2042 1103 89 merueiles a recouurer apoꝛter armes pour

555 2115 1101 101 le lõg repoz ou il auoit demeure/ ⁊ ne fault

562 2182 1094 102 pas dire ſil fiſt grãd feſte du varlet qui les

555 2259 1104 109 nouuelles luy appoꝛta si fiſt tresbiẽ pẽſer de

553 2339 1099 109 luy ⁊ apꝛes qͥl euſt aſſez mẽge tãt qui luy

557 2416 1097 107 pleuſt il diſt qualler le cõuenoit ⁊ qͥ ne po

562 2491 1094 94 uoit plꝰ illec targer. Atant eſt le ſire contre

560 2568 1094 99 luy venu ſi le ſalue courtoiſemẽt ⁊ puis luy

562 2641 1099 111 diſt/beau varlet oꝛ me diz q̃l iour ſe doibt fe

562 2721 1097 99 rir le tournoymẽt/ le varlet luy reſpõd. Sire

570 2795 1094 104 ie le voꝰ diray q̃ ia de riens ne vous en mẽ

567 2870 1104 116 tiray/ſachez q̃ ce ſera au ſamedy ꝓchaĩ/ ⁊ ſi

570 2950 1096 94 nauez q̃ demeurer ſi voꝰ y voullez eſtre au

567 3027 1094 99 p̃miers coups/en nõ dieu faiſt Bliocadꝛas

572 3102 1094 101 de ſeiourner nay ie mie grãd tallẽt ſi cõmã

572 3177 1089 94 de a ce coup q̃ le tout ſoit ap̃ſte car il veult

572 3252 1092 104 le lẽdemain ꝑtir a lauber/ ⁊ biẽ le cuydent

572 3331 1099 102 ſa fẽme ⁊ les cheualliers retenir cõme laul

572 3406 1094 92 trefois faict auoiẽt mais ceſt pour neãt qͥlz

572 3481 1101 104 ſe tourmẽtẽt car ne veult entẽdꝛe a leur pꝛie

572 3558 1106 104 re/dont ceulx ſõt dolẽs a merueilles/ ⁊ ſur

572 3636 1104 135 tous ſa fẽme q enſaincte eſtoit ⁊ natendoit

1673 311 1120 141 lheure dacoucher/si le voulſiſt biẽ retenir ſi

1673 416 1120 112 elle peuſt en nulle maniere/ mais ſon ſire

1681 494 1113 116 ne luy veult ottroyer/ ſi luy fiſt creãcer q̃ le

1688 569 1113 116 tournoymẽt feru il ne ſeiourneroit en nul li

1700 644 1099 111 eu tant qͥl fuſt reuenu au chaſtel/en ceſte

1690 724 1109 113 maniere ſe ꝑtiſt blyocadꝛas accõpaigne de

1690 794 1109 111 pluſieurs bons Cheualliers qui tous fu⸗

1700 874 1096 113 rent ſes hommes ⁊ tant furent allez quilz

1690 951 1106 106 arriuerent a vng chaſtel ou le tournoy ſe de

1697 1030 1102 104 buoit aſſembler ⁊ y arriuerẽt tout a temps

1695 1108 1106 116 ⁊ ſe allerent heberger a dextre le plus

1705 1180 1099 106 recelement quilz peurent car pas ne voul

1697 1248 1107 111 ſiſſent a celle heure eſtre recongneuz. Et

1705 1330 1101 109 moult furent bien receuz dung bon pꝛeud

1705 1405 1099 104 hõme qui leur feiſt tout lhonneur dont il ſe

1707 1482 1099 109 peult aduiſer car bien ſembloient a leur con

1710 1557 1101 111 tenemẽt eſtre pꝛeudhommes/et ſi eſtoient

1712 1632 1096 106 ilz ſans faille. Le lendemain apꝛes auoir

1712 1711 1094 107 ouy la meſſe Bliocadꝛas ſe fiſt armer ⁊

1712 1793 1094 99 ſes compaignons auſſy/ſi ſoꝛtirent hoꝛs le

1712 1861 1104 114 chaſtel et ſen vindꝛent eſperonnans tout

1712 1941 1099 106 dꝛoict au lieu du tournoy moult marche⸗

1714 2011 1097 106 rent en bel arroy les Cheualliers et alloit

1712 2081 1096 118 Bliocadꝛas tout le pꝛemier leſcu au colle

1719 2165 1094 109 glaiue au poing. Car il voulloit eſtre tout

1719 2257 1089 85 le pꝛemier pour le tournoy encommencer.

1741 2337 461 491 A

2193 2313 618 115 Loꝛs quil cheualchoiẽt

2185 2387 616 114 en ceſt eſtat que ie voꝰ

2188 2472 618 96 compte. Atant veez cy

2197 2547 616 91 vng Cheuallier arme

2197 2624 621 87 de toutes armes de lau

2200 2696 616 114 tre chef qui toſt randon

1724 2793 1094 94 ne vers Bliocadꝛas ⁊ cil qui moult lauoit

1726 2875 1092 89 viſe de loing ne le va mye refuſant ains

1724 2948 1097 101 ſeſt adreſſe vers luy tant comme il peult

1726 3022 1092 104 dung cheual traire. Et quant ce vint au

1729 3097 1089 97 poindꝛe ilz ſentreferirent de toute leur puiſ

1741 3170 1080 106 ſance. Si fuſt telle laduenture de ceſtuy rẽ

1736 3247 1087 109 contre que laultre Cheuallier attaigniſt

1734 3324 1089 104 tout pꝛemierement ⁊ briſa ſon glaiue ſur

1729 3409 1092 87 leſcu de Bliocadꝛas quaultre mal ne luy

1717 3476 1106 99 fiſt/ ne de ſelle remuer. Et Bliocadꝛas le fe

1722 3549 1101 116 riſt ꝑ telangoiſe ẽmy le pis qͥ le poꝛta a ter

1736 3626 1085 133 re ꝑdeſus ſõ cheual moult duremẽt naure.
