2951 4354
924 183 1017 104 Elucidation de Hlyſtoire du Graal.

239 283 1085 145 de racōpter a tous honnoꝛables ſeigneurs

251 406 252 89 ⁊ dames.

271 516 425 470 E

709 469 607 111 T combien que la viel

694 553 610 112 le Hyſtoyꝛe en ceſt en⸗

697 641 610 82 dꝛoict tiengne compte

694 708 613 104 des ſept gardes / dont

694 781 610 113 chaſcunne endꝛoit ſoy

697 873 607 106 compte cõment la coure

246 957 1056 87 fuſt ſept foys trouuee. Et de la guerre que

239 1028 1058 91 le Roy Arthus dꝛeſſa qui bien dura qua⸗

237 1090 1060 102 tre ans/encontre les Cheualliers qui eſtoi

242 1168 1055 101 ent iſſus des damoiſelles dont le compte

244 1245 1051 109 a parle cy deuant. Leſquelz firent le cha⸗

244 1335 1051 87 ſteau riche aux pucelles ⁊ le pont peril⸗

242 1398 1050 106 leux a auſſy firent le grãd chaſtel qui de⸗

237 1475 1055 102 puis fuſt clame le chaſtel oꝛguilleux/pour

234 1550 1058 104 leſtablye de la fiere couſtume quilz entre⸗

237 1627 1055 92 pꝛindꝛent encontre les Cheualliers de la

242 1705 1045 97 table ronde. Dont le Roy Arthus vint en

239 1789 1048 78 fin audeſſus ⁊ les tourna a deſconfiture

242 1852 1045 104 Touteſfoys il neſt ia besoing en faire a

234 1930 1046 101 pꝛeſent mention daultant que le compte y

234 2007 1044 104 eſt aſſez affame/⁊ ſy eſt au long recite aux

237 2080 1046 89 aultres liures qui parlent de la table rõde

234 2155 1046 92 Si nous en taiſions donc atant/⁊ viẽdrõs

234 2230 1051 106 a parler du pere de Perceual le Galloys a

232 2305 1051 109 qui le compte appartient/ pour nous aduer

237 2382 1046 107 tis des aduentures qui luy aduindꝛent a

237 2452 469 112 la fin de ſes iours.

346 2607 939 109 ¶ Commennt Bliocadꝛas pere de

341 2689 939 112 Perceual le Galloys fuſt occis a vng

341 2764 944 112 tournoy publicque par le Roy de gal⸗

338 2839 952 121 les pꝛes la gaſte fontaine/ou il fiſt des

341 2922 949 113 vaillances infinies au tournoy deuãt

338 2987 952 138 que le Roy de Galles ⁊ luy ſe comba

343 3071 208 107 tiſſent.

438 3212 624 184 Chappitre quatrieſme.

1382 332 436 462 I

1811 279 635 138 L eſt verite quen la ter

1811 380 642 98 re de Galles eſtoient

1822 466 627 100 douze freres qui treſtoꝰ

1825 541 629 100 furent pꝛeudhommes a

1822 624 627 77 merueilles/et bien euſt

1842 706 607 75 on peu chercher toute la

1355 776 1092 89 contree tãt cõe elle ſe pouoit eſtẽdre/q̄ ſans

1360 841 1087 97 faille on ny trouuaſt nulz aultres telz che

1355 916 1080 102 ualliers ſi riches dauoir ⁊ damys ne qͥ plꝰ

1353 991 1084 97 voulõtiers hantaſſent les tournoymens ⁊

1348 1069 1094 99 les guerres que ces douze freres faiſoyent

1348 1144 1092 99 pour loz ⁊ honneur conqueſter. Si aduint

1348 1219 1084 101 en celle maison ce que len veoit aſſez sou⸗

1348 1294 1089 99 uẽt eſcheoir es aultres lieux, quil neſt gue

1348 1378 1089 90 re que vne bonne compaigne ſe maintiẽne

1345 1446 1095 102 longuement en vng eſtre ſans que moꝛt ou

1345 1521 1087 102 grande aduenture ne la deſmembꝛe. Ainſy

1345 1598 1092 100 en aduint il de ces freres/qui tous eſtoyent

1348 1676 1084 97 de grãd valleur. Car de douze quilz eſtoy

1345 1751 1083 97 ent nen remãſiſt que vng tout seul que toꝰ

1345 1828 1090 95 ne fuſſent moꝛs en peu de temps Cil qui

1345 1901 1090 94 demeura apꝛes les aultres eſtoit appelle

1343 1976 1092 99 Bliocadꝛas qui bien eſtoit ſans mentir le

1345 2056 1087 94 plus courtoys ⁊ le plus ſaige de tous les

1341 2128 1094 94 aultres ⁊ non mye moins pꝛeudhõme. Si

1345 2215 1087 92 eſtoit aĩsy aduenu que la greigneur partie

1348 2283 1082 87 eſtoit perie/ mais treſtout le meilleur en

1343 2353 1092 87 eſtoit demoure. Si fuſt dolẽt de la perte de

1338 2428 1099 92 ſes freres que tant il aimoit il ne conuient

1338 2508 1097 99 pas le voꝰ dire/ donc lõg tẽps ap̃s leur mort

1338 2595 1092 89 il demeura ſi moꝛne ⁊ ſi fort penſif que tous

1336 2655 1096 107 ceulx qui le veiſſent cuidaſſent bien qu il

1333 2733 1092 104 ne ſurueſquiſt pas longuement apꝛes eulx

1341 2810 1087 99 Mais ceſt grand follie a homme de deme

1336 2897 1094 85 ner deuilz tout adez car tout au contraire a

1336 2960 1092 97 telle heure quõ eſt tout yꝛe doibt on faire en

1338 3052 1090 87 facon quen ſoit lye ⁊ ioyeulx. En ce point

1338 3113 1090 99 ſe pꝛiſt Bliocadꝛas vng iour a pẽſer tout

1338 3190 1090 102 aparſoy que pour ſon dueil alleger il luy cõ

1338 3282 1090 80 uenoit aller a quelque tournoyment ⁊ que

1333 3338 1095 89 trop long temps auoit demoure ſans riẽs

1336 3417 1101 95 faire/ ⁊ quil luy pourroit eſtre tourne enco⸗

1336 3490 1099 97 res vne foys a villẽnie deſtre ainſiẽpire de

1333 3563 1090 164 on deuil/ap̃s qͥl euſt aĩsy penſe cõme ie voꝰ

2062 3642 237 95 AA.iii.
